Plačiau apie šaltinių tipus ir jų atributus:
http://mirror.datacenter.by/pub/mirrors/CTAN/macros/latex/contrib/biblatex/doc/biblatex.pdf#subsection.2.1

@article{owidinternet,
    author = {Max Roser, Hannah Ritchie and Esteban Ortiz-Ospina},
    title = {Internet},
    journal = {Our World in Data},
    year = {2015},
    note = {https://ourworldindata.org/internet}
}

@article{internetusage,
    author = {Joseph Johnson},
    title = {Daily internet usage per capita worldwide 2011-2021, by device},
    year = {2021},
    note = {https://www.statista.com/statistics/319732/daily-time-spent-online-device}
}

@article{appcount,
    author = {Statista Research Department},
    title = {Number of apps available in leading app stores 2020},
    year = {2021},
    note = {https://www.statista.com/statistics/276623/number-of-apps-available-in-leading-app-stores/}
}